@inproceedings{song1993exorcism,
  title={EXORCISM-MV-2: minimization of exclusive sum of products expressions for multiple-valued input incompletely specified functions},
  author={Song, Ning and Perkowski, Marek A},
  booktitle={[1993] Proceedings of the Twenty-Third International Symposium on Multiple-Valued Logic},
  pages={132--137},
  year={1993},
  organization={IEEE}
}

@article{mishchenko2001fast,
  title={Fast heuristic minimization of exclusive-sums-of-products},
  author={Mishchenko, Alan and Perkowski, Marek},
  year={2001}
}

@article{lempel1976complexity,
  title={On the complexity of finite sequences},
  author={Lempel, Abraham and Ziv, Jacob},
  journal={IEEE Transactions on information theory},
  volume={22},
  number={1},
  pages={75--81},
  year={1976},
  publisher={IEEE}
}

@book{leiserson2022introduction,
  author    = {Cormen, Thomas H. and Leiserson, Charles E. and Rivest, Robert L. and Stein, Clifford},
  title     = {Introduction to Algorithms},
  edition   = {4th},
  publisher = {MIT Press},
  year      = {2022},
  isbn      = {9780262046305}
}

@article{drechsler1999pseudo,
  title={Pseudo-kronecker expressions for symmetric functions},
  author={Drechsler, Rolf},
  journal={IEEE Transactions on Computers},
  volume={48},
  number={9},
  pages={987--990},
  year={1999},
  publisher={IEEE}
}

@article{massey1969shift,
  title={Shift-register synthesis and BCH decoding},
  author={Massey, James},
  journal={IEEE transactions on Information Theory},
  volume={15},
  number={1},
  pages={122--127},
  year={1969},
  publisher={IEEE}
}

@article{brand1993minimization,
  title={Minimization of AND-EXOR expressions using rewrite rules},
  author={Brand, Daniel and Sasao, Tsutomu},
  journal={IEEE Transactions on Computers},
  volume={42},
  number={5},
  pages={568--576},
  year={1993},
  publisher={IEEE}
}

@article{limniotis2007nonlinear,
  title={On the nonlinear complexity and Lempel--Ziv complexity of finite length sequences},
  author={Limniotis, Konstantinos and Kolokotronis, Nicholas and Kalouptsidis, Nicholas},
  journal={IEEE Transactions on Information Theory},
  volume={53},
  number={11},
  pages={4293--4302},
  year={2007},
  publisher={IEEE}
}